@article{Robinson1965,
  author  = {Robinson, J. A.},
  title   = {A Machine-Oriented Logic Based on the Resolution Principle},
  journal = {Journal of the ACM (JACM)},
  volume  = {12},
  number  = {1},
  pages   = {23--41},
  year    = {1965},
  doi     = {10.1145/321250.321253}
}

@article{DavisPutnam1960,
  author  = {Davis, Martin and Putnam, Hilary},
  title   = {A computing procedure for quantification theory},
  journal = {Journal of the ACM (JACM)},
  volume  = {7},
  number  = {3},
  pages   = {201--215},
  year    = {1960},
  doi     = {10.1145/321033.321034}
}

@article{DPLL1962,
  author  = {Davis, Martin and Logemann, George and Loveland, Donald},
  title   = {A machine program for theorem-proving},
  journal = {Communications of the ACM (CACM)},
  volume  = {5},
  number  = {7},
  pages   = {394--397},
  year    = {1962},
  doi     = {10.1145/368273.368557}
}

@book{Cormen1996,
  author    = {Cormen, Thomas H. and Leiserson, Charles E. and Rivest, Ronald L. and Stein, Clifford},
  title     = {Introduction to Algorithms},
  publisher = {MIT Press},
  year      = {1996},
  edition   = {1st},
  address   = {Cambridge, MA},
  note      = {General algorithms reference, adjust edition if needed}
}

@book{Gehlbach2013,
  author    = {Gehlbach, Scott},
  title     = {Formal Models of Domestic Politics},
  publisher = {Cambridge University Press},
  year      = {2013},
  series    = {Analytical Methods for Social Research}
}

@article{Richardson2006,
    author = {Richardson, Matthew and Domingos, Pedro},
    title = {Markov Logic Networks},
    journal = {Machine Learning},
    volume = {62},
    number = {1-2},
    pages = {107--136},
    year = {2006},
    doi = {10.1007/s10994-006-5833-1}
}

@book{BuenoDeMesquita2003,
  author    = {Bueno de Mesquita, Bruce},
  title     = {The Logic of Political Survival},
  publisher = {The MIT Press},
  year      = {2003}
}
